,time,price,volume,match_type,id
0,2025-06-03 09:15:00+07:00,54.7,100,Sell,304874616
1,2025-06-03 09:15:00+07:00,54.7,1500,Sell,304874653
2,2025-06-03 09:15:00+07:00,54.7,300,Sell,304874654
3,2025-06-03 09:15:00+07:00,54.7,100,Sell,304874655
4,2025-06-03 09:15:00+07:00,54.7,1000,Sell,304874656
5,2025-06-03 09:15:00+07:00,54.7,100,Sell,304874657
6,2025-06-03 09:15:00+07:00,54.7,1000,Sell,304874658
7,2025-06-03 09:15:00+07:00,54.7,3000,Sell,304874659
8,2025-06-03 09:15:00+07:00,54.7,500,Sell,304874660
9,2025-06-03 09:15:00+07:00,54.7,100,Sell,304874661
10,2025-06-03 09:15:00+07:00,54.7,300,Sell,304874662
11,2025-06-03 09:15:00+07:00,54.7,200,Sell,304874652
12,2025-06-03 09:15:00+07:00,54.7,1000,Sell,304874663
13,2025-06-03 09:15:00+07:00,54.7,500,Sell,304874666
14,2025-06-03 09:15:00+07:00,54.7,300,Sell,304874667
15,2025-06-03 09:15:00+07:00,54.7,1900,Sell,304874668
16,2025-06-03 09:15:00+07:00,54.7,2300,Sell,304874669
17,2025-06-03 09:15:00+07:00,54.7,200,Sell,304874670
18,2025-06-03 09:15:00+07:00,54.7,100,Sell,304874671
19,2025-06-03 09:15:00+07:00,54.7,100,Sell,304874673
20,2025-06-03 09:15:00+07:00,54.7,2700,Sell,304874676
21,2025-06-03 09:15:00+07:00,54.8,100,Buy,304875041
22,2025-06-03 09:15:00+07:00,54.8,100,Buy,304875044
23,2025-06-03 09:15:00+07:00,54.7,100,Sell,304874665
24,2025-06-03 09:15:00+07:00,54.7,500,Sell,304874651
25,2025-06-03 09:15:00+07:00,54.7,100,Sell,304874622
26,2025-06-03 09:15:00+07:00,54.7,1100,Sell,304874649
27,2025-06-03 09:15:00+07:00,54.7,300,Sell,304874650
28,2025-06-03 09:15:00+07:00,54.7,2000,Sell,304874624
29,2025-06-03 09:15:00+07:00,54.7,200,Sell,304874626
30,2025-06-03 09:15:00+07:00,54.7,100,Sell,304874628
31,2025-06-03 09:15:00+07:00,54.7,700,Sell,304874629
32,2025-06-03 09:15:00+07:00,54.7,100,Sell,304874631
33,2025-06-03 09:15:00+07:00,54.7,100,Sell,304874632
34,2025-06-03 09:15:00+07:00,54.7,300,Sell,304874633
35,2025-06-03 09:15:00+07:00,54.7,100,Sell,304874634
36,2025-06-03 09:15:00+07:00,54.7,100,Sell,304874635
37,2025-06-03 09:15:00+07:00,54.7,100,Sell,304874636
38,2025-06-03 09:15:00+07:00,54.7,100,Sell,304874630
39,2025-06-03 09:15:00+07:00,54.7,100,Sell,304874638
40,2025-06-03 09:15:00+07:00,54.7,100,Sell,304874639
41,2025-06-03 09:15:00+07:00,54.7,500,Sell,304874640
42,2025-06-03 09:15:00+07:00,54.7,100,Sell,304874641
43,2025-06-03 09:15:00+07:00,54.7,100,Sell,304874642
44,2025-06-03 09:15:00+07:00,54.7,100,Sell,304874643
45,2025-06-03 09:15:00+07:00,54.7,100,Sell,304874648
46,2025-06-03 09:15:00+07:00,54.7,400,Sell,304874644
47,2025-06-03 09:15:00+07:00,54.7,100,Sell,304874645
48,2025-06-03 09:15:00+07:00,54.7,400,Sell,304874646
49,2025-06-03 09:15:00+07:00,54.7,500,Sell,304874647
50,2025-06-03 09:15:00+07:00,54.7,100,Sell,304874637
51,2025-06-03 09:15:02+07:00,54.7,200,Sell,304875195
52,2025-06-03 09:15:20+07:00,54.7,100,Sell,304876220
53,2025-06-03 09:15:34+07:00,54.7,200,Sell,304877089
54,2025-06-03 09:15:46+07:00,54.7,100,Sell,304878117
55,2025-06-03 09:15:46+07:00,54.7,2000,Sell,304878118
56,2025-06-03 09:15:46+07:00,54.7,2000,Sell,304878119
57,2025-06-03 09:15:46+07:00,54.7,200,Sell,304878120
58,2025-06-03 09:15:46+07:00,54.7,400,Sell,304878121
59,2025-06-03 09:15:46+07:00,54.7,200,Sell,304878122
60,2025-06-03 09:15:46+07:00,54.7,100,Sell,304878123
61,2025-06-03 09:15:46+07:00,54.7,200,Sell,304878124
62,2025-06-03 09:15:46+07:00,54.7,800,Sell,304878125
63,2025-06-03 09:16:12+07:00,54.8,200,Buy,304880137
64,2025-06-03 09:16:12+07:00,54.8,1000,Buy,304880136
65,2025-06-03 09:16:12+07:00,54.8,9800,Buy,304880132
66,2025-06-03 09:16:12+07:00,54.8,1000,Buy,304880134
67,2025-06-03 09:16:12+07:00,54.8,2000,Buy,304880133
68,2025-06-03 09:16:12+07:00,54.8,5000,Buy,304880135
69,2025-06-03 09:16:15+07:00,54.8,500,Sell,304880388
70,2025-06-03 09:16:25+07:00,54.9,500,Buy,304881211
71,2025-06-03 09:16:37+07:00,54.9,100,Buy,304881999
72,2025-06-03 09:16:44+07:00,54.9,100,Buy,304882441
73,2025-06-03 09:16:48+07:00,54.9,300,Buy,304882714
74,2025-06-03 09:16:48+07:00,54.9,1000,Buy,304882713
75,2025-06-03 09:16:48+07:00,54.9,1000,Buy,304882711
76,2025-06-03 09:16:48+07:00,54.9,100,Buy,304882710
77,2025-06-03 09:16:48+07:00,54.9,2000,Buy,304882709
78,2025-06-03 09:16:48+07:00,54.9,200,Buy,304882708
79,2025-06-03 09:16:48+07:00,54.9,400,Buy,304882707
80,2025-06-03 09:16:51+07:00,54.9,400,Buy,304882855
81,2025-06-03 09:17:15+07:00,54.9,200,Sell,304884581
82,2025-06-03 09:17:17+07:00,55.0,100,Buy,304884682
83,2025-06-03 09:17:35+07:00,55.0,3000,Buy,304886134
84,2025-06-03 09:17:35+07:00,55.0,200,Buy,304886133
85,2025-06-03 09:17:35+07:00,55.0,300,Buy,304886132
86,2025-06-03 09:17:35+07:00,55.0,500,Buy,304886126
87,2025-06-03 09:17:35+07:00,55.0,500,Buy,304886130
88,2025-06-03 09:17:35+07:00,55.0,1600,Buy,304886129
89,2025-06-03 09:17:35+07:00,55.0,700,Buy,304886127
90,2025-06-03 09:17:35+07:00,55.0,1000,Buy,304886131
91,2025-06-03 09:17:36+07:00,55.0,100,Buy,304886151
92,2025-06-03 09:17:39+07:00,55.0,300,Buy,304886378
93,2025-06-03 09:17:44+07:00,55.0,1000,Buy,304886745
94,2025-06-03 09:17:47+07:00,55.0,1000,Buy,304887002
95,2025-06-03 09:17:49+07:00,55.0,200,Buy,304887234
96,2025-06-03 09:17:55+07:00,55.0,200,Buy,304887683
97,2025-06-03 09:17:56+07:00,55.0,100,Buy,304887755
98,2025-06-03 09:17:57+07:00,55.0,2300,Buy,304887865
99,2025-06-03 09:17:57+07:00,55.0,100,Buy,304887830
100,2025-06-03 09:17:57+07:00,55.0,1000,Buy,304887813
101,2025-06-03 09:17:57+07:00,55.0,200,Buy,304887812
102,2025-06-03 09:17:57+07:00,55.0,100,Buy,304887811
103,2025-06-03 09:18:01+07:00,55.0,2000,Buy,304888101
104,2025-06-03 09:18:01+07:00,55.0,1000,Buy,304888127
105,2025-06-03 09:18:01+07:00,55.0,100,Buy,304888126
106,2025-06-03 09:18:01+07:00,55.0,100,Buy,304888125
107,2025-06-03 09:18:01+07:00,55.0,200,Buy,304888124
108,2025-06-03 09:18:01+07:00,55.0,200,Buy,304888123
109,2025-06-03 09:18:01+07:00,55.0,200,Buy,304888122
110,2025-06-03 09:18:01+07:00,55.0,100,Buy,304888121
111,2025-06-03 09:18:01+07:00,55.0,400,Buy,304888120
112,2025-06-03 09:18:01+07:00,55.0,100,Buy,304888119
113,2025-06-03 09:18:01+07:00,55.0,300,Buy,304888118
114,2025-06-03 09:18:01+07:00,55.0,11600,Buy,304888100
115,2025-06-03 09:18:01+07:00,55.0,100,Buy,304888115
116,2025-06-03 09:18:01+07:00,55.0,8000,Buy,304888117
117,2025-06-03 09:18:01+07:00,55.0,2000,Buy,304888113
118,2025-06-03 09:18:01+07:00,55.0,100,Buy,304888102
119,2025-06-03 09:18:01+07:00,55.0,100,Buy,304888103
120,2025-06-03 09:18:01+07:00,55.0,500,Buy,304888104
121,2025-06-03 09:18:01+07:00,55.0,100,Buy,304888114
122,2025-06-03 09:18:01+07:00,55.0,100,Buy,304888106
123,2025-06-03 09:18:01+07:00,55.0,5000,Buy,304888107
124,2025-06-03 09:18:01+07:00,55.0,4200,Buy,304888105
125,2025-06-03 09:18:01+07:00,55.0,1100,Buy,304888109
126,2025-06-03 09:18:01+07:00,55.0,2000,Buy,304888110
127,2025-06-03 09:18:01+07:00,55.0,2000,Buy,304888111
128,2025-06-03 09:18:01+07:00,55.0,500,Buy,304888112
129,2025-06-03 09:18:01+07:00,55.0,1000,Buy,304888108
130,2025-06-03 09:18:01+07:00,55.0,500,Buy,304888116
131,2025-06-03 09:18:06+07:00,55.0,500,Sell,304888397
132,2025-06-03 09:18:13+07:00,55.0,100,Sell,304888955
133,2025-06-03 09:18:17+07:00,55.0,200,Sell,304889306
134,2025-06-03 09:18:17+07:00,55.0,200,Sell,304889242
135,2025-06-03 09:18:17+07:00,55.1,500,Buy,304889250
136,2025-06-03 09:18:17+07:00,55.1,100,Buy,304889293
137,2025-06-03 09:18:18+07:00,55.0,200,Sell,304889349
138,2025-06-03 09:18:19+07:00,55.1,2000,Buy,304889377
139,2025-06-03 09:18:20+07:00,55.0,200,Sell,304889442
140,2025-06-03 09:18:21+07:00,55.1,700,Buy,304889556
141,2025-06-03 09:18:21+07:00,55.0,200,Sell,304889509
142,2025-06-03 09:18:24+07:00,55.0,200,Sell,304889772
143,2025-06-03 09:18:28+07:00,55.1,100,Buy,304890125
144,2025-06-03 09:18:28+07:00,55.1,100,Buy,304890131
145,2025-06-03 09:18:30+07:00,55.1,100,Buy,304890227
146,2025-06-03 09:18:30+07:00,55.1,100,Buy,304890229
147,2025-06-03 09:18:30+07:00,55.1,100,Buy,304890231
148,2025-06-03 09:18:30+07:00,55.1,300,Buy,304890232
149,2025-06-03 09:18:30+07:00,55.1,200,Buy,304890233
150,2025-06-03 09:18:30+07:00,55.1,100,Buy,304890234
151,2025-06-03 09:18:30+07:00,55.1,100,Buy,304890235
152,2025-06-03 09:18:30+07:00,55.1,500,Buy,304890230
153,2025-06-03 09:18:32+07:00,55.1,500,Buy,304890450
154,2025-06-03 09:18:33+07:00,55.1,200,Buy,304890492
155,2025-06-03 09:18:33+07:00,55.1,100,Buy,304890491
156,2025-06-03 09:18:33+07:00,55.1,1500,Buy,304890488
157,2025-06-03 09:18:33+07:00,55.1,200,Buy,304890489
158,2025-06-03 09:18:46+07:00,55.1,200,Sell,304891295
159,2025-06-03 09:18:58+07:00,55.1,100,Sell,304892158
160,2025-06-03 09:18:59+07:00,55.2,100,Buy,304892222
161,2025-06-03 09:18:59+07:00,55.2,500,Buy,304892223
162,2025-06-03 09:18:59+07:00,55.2,100,Buy,304892224
163,2025-06-03 09:18:59+07:00,55.2,1300,Buy,304892225
164,2025-06-03 09:19:02+07:00,55.2,2000,Buy,304892400
165,2025-06-03 09:19:04+07:00,55.2,1200,Buy,304892506
166,2025-06-03 09:19:04+07:00,55.2,300,Buy,304892503
167,2025-06-03 09:19:04+07:00,55.2,3000,Buy,304892504
168,2025-06-03 09:19:04+07:00,55.2,500,Buy,304892505
169,2025-06-03 09:19:05+07:00,55.2,1000,Buy,304892558
170,2025-06-03 09:19:05+07:00,55.2,2000,Buy,304892562
171,2025-06-03 09:19:05+07:00,55.2,300,Buy,304892560
172,2025-06-03 09:19:05+07:00,55.2,100,Buy,304892557
173,2025-06-03 09:19:05+07:00,55.2,2000,Buy,304892559
174,2025-06-03 09:19:05+07:00,55.2,3000,Buy,304892555
175,2025-06-03 09:19:05+07:00,55.2,200,Buy,304892554
176,2025-06-03 09:19:05+07:00,55.2,1000,Buy,304892556
177,2025-06-03 09:19:05+07:00,55.2,100,Buy,304892553
178,2025-06-03 09:19:05+07:00,55.2,2000,Buy,304892552
179,2025-06-03 09:19:05+07:00,55.2,800,Buy,304892551
180,2025-06-03 09:19:06+07:00,55.3,500,Buy,304892663
181,2025-06-03 09:19:06+07:00,55.3,100,Buy,304892664
182,2025-06-03 09:19:06+07:00,55.3,300,Buy,304892665
183,2025-06-03 09:19:06+07:00,55.3,3000,Buy,304892666
184,2025-06-03 09:19:06+07:00,55.3,500,Buy,304892667
185,2025-06-03 09:19:06+07:00,55.3,1000,Buy,304892668
186,2025-06-03 09:19:06+07:00,55.3,200,Buy,304892669
187,2025-06-03 09:19:06+07:00,55.3,100,Buy,304892670
188,2025-06-03 09:19:06+07:00,55.3,100,Buy,304892671
189,2025-06-03 09:19:06+07:00,55.3,200,Buy,304892672
190,2025-06-03 09:19:15+07:00,55.2,4200,Sell,304893206
191,2025-06-03 09:19:19+07:00,55.2,200,Sell,304893475
192,2025-06-03 09:19:28+07:00,55.3,800,Buy,304894063
193,2025-06-03 09:19:28+07:00,55.3,100,Buy,304894060
194,2025-06-03 09:19:28+07:00,55.3,100,Buy,304894062
195,2025-06-03 09:19:29+07:00,55.2,100,Sell,304894106
196,2025-06-03 09:19:44+07:00,55.2,3000,Sell,304895051
197,2025-06-03 09:19:44+07:00,55.2,400,Sell,304895052
198,2025-06-03 09:19:44+07:00,55.2,4000,Sell,304895053
199,2025-06-03 09:19:44+07:00,55.2,400,Sell,304895054
200,2025-06-03 09:19:44+07:00,55.2,400,Sell,304895055
201,2025-06-03 09:19:44+07:00,55.2,100,Sell,304895056
202,2025-06-03 09:19:44+07:00,55.2,800,Sell,304895057
203,2025-06-03 09:19:44+07:00,55.2,900,Sell,304895058
204,2025-06-03 09:19:45+07:00,55.2,400,Sell,304895102
205,2025-06-03 09:19:45+07:00,55.2,200,Sell,304895136
206,2025-06-03 09:19:45+07:00,55.2,300,Sell,304895137
207,2025-06-03 09:19:45+07:00,55.2,100,Sell,304895138
208,2025-06-03 09:19:45+07:00,55.2,400,Sell,304895139
209,2025-06-03 09:19:46+07:00,55.2,100,Sell,304895217
210,2025-06-03 09:19:49+07:00,55.2,100,Sell,304895311
211,2025-06-03 09:19:50+07:00,55.2,200,Sell,304895485
212,2025-06-03 09:19:52+07:00,55.3,200,Buy,304895645
213,2025-06-03 09:19:54+07:00,55.2,1000,Sell,304895744
214,2025-06-03 09:19:58+07:00,55.3,1000,Buy,304895974
215,2025-06-03 09:19:58+07:00,55.3,1000,Buy,304895975
216,2025-06-03 09:20:00+07:00,55.2,100,Sell,304896146
217,2025-06-03 09:20:09+07:00,55.3,1500,Buy,304896641
218,2025-06-03 09:20:10+07:00,55.3,5700,Buy,304896722
219,2025-06-03 09:20:10+07:00,55.3,1000,Buy,304896721
220,2025-06-03 09:20:10+07:00,55.3,200,Buy,304896720
221,2025-06-03 09:20:10+07:00,55.3,100,Buy,304896719
222,2025-06-03 09:20:10+07:00,55.3,300,Buy,304896718
223,2025-06-03 09:20:10+07:00,55.3,200,Buy,304896715
224,2025-06-03 09:20:10+07:00,55.3,1000,Buy,304896714
225,2025-06-03 09:20:10+07:00,55.3,1000,Buy,304896717
226,2025-06-03 09:20:10+07:00,55.3,100,Buy,304896712
227,2025-06-03 09:20:10+07:00,55.3,200,Buy,304896713
228,2025-06-03 09:20:10+07:00,55.3,500,Buy,304896696
229,2025-06-03 09:20:10+07:00,55.3,200,Buy,304896697
230,2025-06-03 09:20:10+07:00,55.3,200,Buy,304896698
231,2025-06-03 09:20:10+07:00,55.3,100,Buy,304896716
232,2025-06-03 09:20:10+07:00,55.3,100,Buy,304896700
233,2025-06-03 09:20:10+07:00,55.3,100,Buy,304896711
234,2025-06-03 09:20:10+07:00,55.3,1000,Buy,304896699
235,2025-06-03 09:20:18+07:00,55.3,100,Buy,304897309
236,2025-06-03 09:20:23+07:00,55.2,200,Sell,304897615
237,2025-06-03 09:20:23+07:00,55.3,800,Buy,304897618
238,2025-06-03 09:20:26+07:00,55.3,300,Buy,304897781
239,2025-06-03 09:20:27+07:00,55.3,2000,Buy,304897861
240,2025-06-03 09:20:28+07:00,55.3,1100,Buy,304897913
241,2025-06-03 09:20:28+07:00,55.3,100,Buy,304897914
242,2025-06-03 09:20:28+07:00,55.3,300,Buy,304897915
243,2025-06-03 09:20:28+07:00,55.3,500,Buy,304897916
244,2025-06-03 09:20:31+07:00,55.3,100,Buy,304898042
245,2025-06-03 09:20:32+07:00,55.3,500,Sell,304898090
246,2025-06-03 09:20:32+07:00,55.3,1100,Sell,304898104
247,2025-06-03 09:20:35+07:00,55.3,100,Sell,304898250
248,2025-06-03 09:20:35+07:00,55.3,200,Sell,304898271
249,2025-06-03 09:20:48+07:00,55.3,100,Buy,304899087
250,2025-06-03 09:20:53+07:00,55.2,200,Sell,304899386
251,2025-06-03 09:21:02+07:00,55.3,900,Buy,304899884
252,2025-06-03 09:21:02+07:00,55.3,100,Buy,304899885
253,2025-06-03 09:21:04+07:00,55.3,200,Buy,304900083
254,2025-06-03 09:21:04+07:00,55.3,200,Buy,304900084
255,2025-06-03 09:21:04+07:00,55.3,1500,Buy,304900093
256,2025-06-03 09:21:04+07:00,55.3,400,Buy,304900086
257,2025-06-03 09:21:04+07:00,55.3,1000,Buy,304900087
258,2025-06-03 09:21:04+07:00,55.3,200,Buy,304900088
259,2025-06-03 09:21:04+07:00,55.3,100,Buy,304900089
260,2025-06-03 09:21:04+07:00,55.3,100,Buy,304900090
261,2025-06-03 09:21:04+07:00,55.3,100,Buy,304900091
262,2025-06-03 09:21:04+07:00,55.3,200,Buy,304900092
263,2025-06-03 09:21:04+07:00,55.3,500,Buy,304900085
264,2025-06-03 09:21:05+07:00,55.3,5500,Sell,304900125
265,2025-06-03 09:21:07+07:00,55.3,100,Buy,304900240
266,2025-06-03 09:21:07+07:00,55.3,300,Buy,304900227
267,2025-06-03 09:21:17+07:00,55.3,100,Buy,304900645
268,2025-06-03 09:21:17+07:00,55.3,200,Buy,304900646
269,2025-06-03 09:21:17+07:00,55.3,100,Buy,304900647
270,2025-06-03 09:21:17+07:00,55.3,100,Buy,304900648
271,2025-06-03 09:21:18+07:00,55.3,2500,Sell,304900695
272,2025-06-03 09:21:24+07:00,55.4,400,Buy,304901014
273,2025-06-03 09:21:24+07:00,55.3,10000,Sell,304901005
274,2025-06-03 09:21:24+07:00,55.4,100,Buy,304901013
275,2025-06-03 09:21:24+07:00,55.2,200,Sell,304900985
276,2025-06-03 09:21:43+07:00,55.3,300,Buy,304901898
277,2025-06-03 09:21:43+07:00,55.3,100,Buy,304901889
278,2025-06-03 09:21:45+07:00,55.3,100,Buy,304902000
279,2025-06-03 09:21:45+07:00,55.3,100,Buy,304902001
280,2025-06-03 09:21:47+07:00,55.3,2400,Buy,304902175
281,2025-06-03 09:21:51+07:00,55.3,100,Buy,304902333
282,2025-06-03 09:21:52+07:00,55.3,800,Buy,304902449
283,2025-06-03 09:21:53+07:00,55.3,200,Buy,304902464
284,2025-06-03 09:21:53+07:00,55.3,100,Buy,304902463
285,2025-06-03 09:21:53+07:00,55.3,200,Buy,304902462
286,2025-06-03 09:21:53+07:00,55.3,100,Buy,304902460
287,2025-06-03 09:21:53+07:00,55.3,5600,Buy,304902458
288,2025-06-03 09:21:53+07:00,55.3,200,Buy,304902461
289,2025-06-03 09:21:53+07:00,55.3,1000,Buy,304902459
290,2025-06-03 09:21:55+07:00,55.3,200,Sell,304902552
291,2025-06-03 09:21:55+07:00,55.3,100,Sell,304902566
292,2025-06-03 09:21:57+07:00,55.3,2000,Sell,304902692
293,2025-06-03 09:21:58+07:00,55.3,300,Sell,304902739
294,2025-06-03 09:22:04+07:00,55.3,1000,Buy,304903115
295,2025-06-03 09:22:04+07:00,55.3,100,Buy,304903116
296,2025-06-03 09:22:06+07:00,55.3,900,Sell,304903204
297,2025-06-03 09:22:11+07:00,55.3,100,Sell,304903417
298,2025-06-03 09:22:11+07:00,55.3,100,Sell,304903419
299,2025-06-03 09:22:20+07:00,55.3,500,Buy,304903863
300,2025-06-03 09:22:20+07:00,55.3,900,Buy,304903864
301,2025-06-03 09:22:20+07:00,55.3,100,Buy,304903865
302,2025-06-03 09:22:20+07:00,55.3,1000,Buy,304903866
303,2025-06-03 09:22:20+07:00,55.3,1000,Buy,304903867
304,2025-06-03 09:22:21+07:00,55.3,6400,Sell,304903917
305,2025-06-03 09:22:21+07:00,55.3,100,Sell,304903913
306,2025-06-03 09:22:26+07:00,55.3,200,Sell,304904176
307,2025-06-03 09:22:27+07:00,55.3,3000,Sell,304904214
308,2025-06-03 09:22:28+07:00,55.2,300,Sell,304904296
309,2025-06-03 09:22:30+07:00,55.3,500,Buy,304904338
310,2025-06-03 09:22:33+07:00,55.3,300,Buy,304904531
311,2025-06-03 09:22:33+07:00,55.3,200,Buy,304904530
312,2025-06-03 09:22:35+07:00,55.3,1000,Buy,304904636
313,2025-06-03 09:22:35+07:00,55.3,200,Buy,304904629
314,2025-06-03 09:22:40+07:00,55.3,2000,Buy,304904903
315,2025-06-03 09:22:42+07:00,55.3,100,Buy,304904964
316,2025-06-03 09:22:43+07:00,55.3,2000,Buy,304905071
317,2025-06-03 09:22:57+07:00,55.3,100,Buy,304905782
318,2025-06-03 09:22:57+07:00,55.3,100,Buy,304905771
319,2025-06-03 09:22:58+07:00,55.2,200,Sell,304905804
320,2025-06-03 09:22:58+07:00,55.3,10000,Buy,304905831
321,2025-06-03 09:23:01+07:00,55.3,400,Buy,304906092
322,2025-06-03 09:23:26+07:00,55.2,100,Sell,304907157
323,2025-06-03 09:23:26+07:00,55.2,2000,Sell,304907156
324,2025-06-03 09:23:26+07:00,55.2,100,Sell,304907153
325,2025-06-03 09:23:26+07:00,55.2,2600,Sell,304907152
326,2025-06-03 09:23:26+07:00,55.2,5000,Sell,304907154
327,2025-06-03 09:23:26+07:00,55.2,200,Sell,304907155
328,2025-06-03 09:23:29+07:00,55.2,900,Sell,304907344
329,2025-06-03 09:23:29+07:00,55.2,100,Sell,304907345
330,2025-06-03 09:23:29+07:00,55.2,100,Sell,304907346
331,2025-06-03 09:23:29+07:00,55.2,200,Sell,304907347
332,2025-06-03 09:23:29+07:00,55.2,8700,Sell,304907348
333,2025-06-03 09:23:30+07:00,55.3,100,Buy,304907385
334,2025-06-03 09:23:30+07:00,55.2,200,Sell,304907370
335,2025-06-03 09:23:33+07:00,55.2,1000,Sell,304907501
336,2025-06-03 09:23:35+07:00,55.2,10000,Sell,304907554
337,2025-06-03 09:23:35+07:00,55.2,5000,Sell,304907553
338,2025-06-03 09:23:39+07:00,55.2,100,Sell,304907767
339,2025-06-03 09:23:39+07:00,55.2,100,Sell,304907768
340,2025-06-03 09:23:39+07:00,55.2,300,Sell,304907769
341,2025-06-03 09:23:39+07:00,55.2,800,Sell,304907770
342,2025-06-03 09:23:39+07:00,55.2,200,Sell,304907771
343,2025-06-03 09:23:40+07:00,55.2,100,Sell,304907835
344,2025-06-03 09:23:41+07:00,55.2,500,Sell,304907884
345,2025-06-03 09:23:41+07:00,55.2,800,Sell,304907859
346,2025-06-03 09:23:41+07:00,55.2,200,Sell,304907858
347,2025-06-03 09:23:41+07:00,55.2,1000,Sell,304907883
348,2025-06-03 09:23:44+07:00,55.2,300,Sell,304908010
349,2025-06-03 09:23:45+07:00,55.2,400,Sell,304908053
350,2025-06-03 09:23:45+07:00,55.2,100,Sell,304908054
351,2025-06-03 09:23:46+07:00,55.2,200,Sell,304908106
352,2025-06-03 09:23:46+07:00,55.2,200,Sell,304908110
353,2025-06-03 09:23:46+07:00,55.2,1000,Sell,304908111
354,2025-06-03 09:23:46+07:00,55.2,100,Sell,304908112
355,2025-06-03 09:23:46+07:00,55.2,200,Sell,304908114
356,2025-06-03 09:23:46+07:00,55.2,100,Sell,304908115
357,2025-06-03 09:23:46+07:00,55.2,100,Sell,304908113
358,2025-06-03 09:23:55+07:00,55.2,3600,Buy,304908611
359,2025-06-03 09:24:02+07:00,55.1,200,Sell,304908884
360,2025-06-03 09:24:02+07:00,55.2,300,Buy,304908915
361,2025-06-03 09:24:09+07:00,55.2,4400,Buy,304909229
362,2025-06-03 09:24:09+07:00,55.2,500,Buy,304909230
363,2025-06-03 09:24:09+07:00,55.2,100,Buy,304909231
364,2025-06-03 09:24:10+07:00,55.2,700,Buy,304909295
365,2025-06-03 09:24:34+07:00,55.2,200,Buy,304910549
366,2025-06-03 09:24:34+07:00,55.1,200,Sell,304910552
367,2025-06-03 09:25:05+07:00,55.1,200,Sell,304911818
368,2025-06-03 09:25:14+07:00,55.1,400,Sell,304912178
369,2025-06-03 09:25:14+07:00,55.1,1700,Sell,304912184
370,2025-06-03 09:25:14+07:00,55.1,1000,Sell,304912182
371,2025-06-03 09:25:14+07:00,55.1,2000,Sell,304912181
372,2025-06-03 09:25:14+07:00,55.1,100,Sell,304912179
373,2025-06-03 09:25:14+07:00,55.1,500,Sell,304912177
374,2025-06-03 09:25:14+07:00,55.1,100,Sell,304912180
375,2025-06-03 09:25:14+07:00,55.1,100,Sell,304912175
376,2025-06-03 09:25:14+07:00,55.1,100,Sell,304912174
377,2025-06-03 09:25:14+07:00,55.1,1000,Sell,304912173
378,2025-06-03 09:25:14+07:00,55.1,2100,Sell,304912169
379,2025-06-03 09:25:14+07:00,55.1,100,Sell,304912172
380,2025-06-03 09:25:14+07:00,55.1,500,Sell,304912171
381,2025-06-03 09:25:14+07:00,55.1,100,Sell,304912170
382,2025-06-03 09:25:14+07:00,55.1,200,Sell,304912176
383,2025-06-03 09:25:20+07:00,55.1,300,Sell,304912490
384,2025-06-03 09:25:20+07:00,55.1,1400,Sell,304912491
385,2025-06-03 09:25:37+07:00,55.1,2000,Sell,304913138
386,2025-06-03 09:25:38+07:00,55.1,200,Sell,304913182
387,2025-06-03 09:25:44+07:00,55.1,1000,Sell,304913373
388,2025-06-03 09:26:11+07:00,55.1,200,Sell,304914716
389,2025-06-03 09:26:16+07:00,55.1,2000,Sell,304914890
390,2025-06-03 09:26:30+07:00,55.1,200,Sell,304915534
391,2025-06-03 09:26:34+07:00,55.1,100,Sell,304915646
392,2025-06-03 09:26:43+07:00,55.1,200,Sell,304916077
393,2025-06-03 09:27:03+07:00,55.1,1000,Sell,304917039
394,2025-06-03 09:27:05+07:00,55.1,100,Sell,304917104
395,2025-06-03 09:27:08+07:00,55.1,300,Sell,304917288
396,2025-06-03 09:27:08+07:00,55.1,100,Sell,304917296
397,2025-06-03 09:27:08+07:00,55.1,100,Sell,304917295
398,2025-06-03 09:27:08+07:00,55.1,500,Sell,304917293
399,2025-06-03 09:27:08+07:00,55.1,300,Sell,304917291
400,2025-06-03 09:27:08+07:00,55.1,1200,Sell,304917289
401,2025-06-03 09:27:08+07:00,55.1,5000,Sell,304917287
402,2025-06-03 09:27:08+07:00,55.1,500,Sell,304917290
403,2025-06-03 09:27:08+07:00,55.1,1000,Sell,304917285
404,2025-06-03 09:27:08+07:00,55.1,3000,Sell,304917279
405,2025-06-03 09:27:08+07:00,55.1,100,Sell,304917280
406,2025-06-03 09:27:08+07:00,55.1,1000,Sell,304917281
407,2025-06-03 09:27:08+07:00,55.1,100,Sell,304917286
408,2025-06-03 09:27:08+07:00,55.1,1600,Sell,304917278
409,2025-06-03 09:27:08+07:00,55.1,2000,Sell,304917283
410,2025-06-03 09:27:08+07:00,55.1,2000,Sell,304917284
411,2025-06-03 09:27:08+07:00,55.1,100,Sell,304917282
412,2025-06-03 09:27:15+07:00,55.0,200,Sell,304917636
413,2025-06-03 09:27:47+07:00,55.0,4100,Sell,304918838
414,2025-06-03 09:27:47+07:00,55.0,200,Sell,304918843
415,2025-06-03 09:27:47+07:00,55.0,1000,Sell,304918836
416,2025-06-03 09:27:47+07:00,55.0,4400,Sell,304918835
417,2025-06-03 09:27:47+07:00,55.0,500,Sell,304918837
418,2025-06-03 09:27:51+07:00,55.0,2000,Sell,304918967
419,2025-06-03 09:28:06+07:00,55.1,100,Buy,304919456
420,2025-06-03 09:28:07+07:00,55.0,10000,Sell,304919550
421,2025-06-03 09:28:07+07:00,55.1,300,Buy,304919515
422,2025-06-03 09:28:19+07:00,55.0,200,Sell,304920181
423,2025-06-03 09:28:33+07:00,55.0,1000,Sell,304920901
424,2025-06-03 09:28:44+07:00,55.0,10000,Sell,304921324
425,2025-06-03 09:28:44+07:00,55.0,300,Sell,304921341
426,2025-06-03 09:28:46+07:00,55.0,1200,Sell,304921367
427,2025-06-03 09:28:51+07:00,55.0,200,Sell,304921528
428,2025-06-03 09:28:55+07:00,55.0,100,Sell,304921732
429,2025-06-03 09:28:58+07:00,55.0,100,Sell,304921830
430,2025-06-03 09:29:01+07:00,55.0,200,Sell,304921916
431,2025-06-03 09:29:12+07:00,55.0,100,Sell,304922505
432,2025-06-03 09:29:14+07:00,55.0,1000,Sell,304922530
433,2025-06-03 09:29:22+07:00,55.0,200,Sell,304922882
434,2025-06-03 09:29:36+07:00,55.0,200,Sell,304923352
435,2025-06-03 09:29:40+07:00,55.1,100,Buy,304923572
436,2025-06-03 09:29:42+07:00,55.1,100,Buy,304923620
437,2025-06-03 09:29:45+07:00,55.0,200,Sell,304923783
438,2025-06-03 09:29:54+07:00,55.0,200,Sell,304924147
439,2025-06-03 09:30:25+07:00,55.0,200,Sell,304925598
440,2025-06-03 09:30:48+07:00,55.0,1000,Sell,304926525
441,2025-06-03 09:30:55+07:00,55.0,200,Sell,304926813
442,2025-06-03 09:30:58+07:00,55.1,2000,Buy,304926931
443,2025-06-03 09:31:00+07:00,55.0,1500,Sell,304927007
444,2025-06-03 09:31:23+07:00,55.0,600,Sell,304928072
445,2025-06-03 09:31:24+07:00,55.0,200,Sell,304928126
446,2025-06-03 09:31:28+07:00,55.0,200,Sell,304928248
447,2025-06-03 09:31:31+07:00,55.0,300,Sell,304928379
448,2025-06-03 09:31:31+07:00,55.0,7900,Sell,304928389
449,2025-06-03 09:31:31+07:00,55.0,100,Sell,304928388
450,2025-06-03 09:31:31+07:00,55.0,500,Sell,304928387
451,2025-06-03 09:31:31+07:00,55.0,1000,Sell,304928386
452,2025-06-03 09:31:31+07:00,55.0,100,Sell,304928385
453,2025-06-03 09:31:31+07:00,55.0,2600,Sell,304928384
454,2025-06-03 09:31:31+07:00,55.0,100,Sell,304928382
455,2025-06-03 09:31:31+07:00,55.0,1000,Sell,304928381
456,2025-06-03 09:31:31+07:00,55.0,100,Sell,304928380
457,2025-06-03 09:31:31+07:00,55.0,2000,Sell,304928378
458,2025-06-03 09:31:31+07:00,55.0,1000,Sell,304928369
459,2025-06-03 09:31:31+07:00,55.0,5000,Sell,304928376
460,2025-06-03 09:31:31+07:00,55.0,1500,Sell,304928368
461,2025-06-03 09:31:31+07:00,55.0,18300,Sell,304928366
462,2025-06-03 09:31:31+07:00,55.0,5000,Sell,304928370
463,2025-06-03 09:31:31+07:00,55.0,100,Sell,304928371
464,2025-06-03 09:31:31+07:00,55.0,1000,Sell,304928367
465,2025-06-03 09:31:31+07:00,55.0,100,Sell,304928373
466,2025-06-03 09:31:31+07:00,55.0,500,Sell,304928374
467,2025-06-03 09:31:31+07:00,55.0,1500,Sell,304928375
468,2025-06-03 09:31:31+07:00,55.0,100,Sell,304928372
469,2025-06-03 09:31:31+07:00,55.0,200,Sell,304928377
470,2025-06-03 09:31:35+07:00,55.1,1900,Buy,304928531
471,2025-06-03 09:31:49+07:00,55.1,6600,Buy,304929137
472,2025-06-03 09:31:49+07:00,55.1,1000,Buy,304929138
473,2025-06-03 09:31:49+07:00,55.1,2000,Buy,304929139
474,2025-06-03 09:31:49+07:00,55.1,100,Buy,304929140
475,2025-06-03 09:31:49+07:00,55.1,300,Buy,304929141
476,2025-06-03 09:31:59+07:00,55.0,200,Sell,304929637
477,2025-06-03 09:32:00+07:00,55.1,300,Buy,304929661
478,2025-06-03 09:32:06+07:00,55.1,4700,Buy,304929969
479,2025-06-03 09:32:07+07:00,55.1,2000,Buy,304929984
480,2025-06-03 09:32:09+07:00,55.1,200,Buy,304930049
481,2025-06-03 09:32:11+07:00,55.1,3200,Buy,304930117
482,2025-06-03 09:32:15+07:00,55.1,500,Buy,304930419
483,2025-06-03 09:32:29+07:00,55.0,200,Sell,304930868
484,2025-06-03 09:32:30+07:00,55.0,200,Sell,304930901
485,2025-06-03 09:32:44+07:00,55.1,8800,Buy,304931404
486,2025-06-03 09:32:44+07:00,55.1,100,Buy,304931405
487,2025-06-03 09:32:44+07:00,55.1,1100,Buy,304931406
488,2025-06-03 09:32:48+07:00,55.1,500,Buy,304931549
489,2025-06-03 09:32:48+07:00,55.1,100,Buy,304931550
490,2025-06-03 09:32:48+07:00,55.1,1000,Buy,304931548
491,2025-06-03 09:32:48+07:00,55.1,1000,Buy,304931556
492,2025-06-03 09:32:48+07:00,55.1,500,Buy,304931554
493,2025-06-03 09:32:48+07:00,55.1,100,Buy,304931555
494,2025-06-03 09:32:48+07:00,55.1,100,Buy,304931552
495,2025-06-03 09:32:48+07:00,55.1,200,Buy,304931547
496,2025-06-03 09:32:48+07:00,55.1,2000,Buy,304931551
497,2025-06-03 09:32:48+07:00,55.1,1000,Buy,304931545
498,2025-06-03 09:32:48+07:00,55.1,5900,Buy,304931537
499,2025-06-03 09:32:48+07:00,55.1,2500,Buy,304931538
500,2025-06-03 09:32:48+07:00,55.1,1000,Buy,304931539
501,2025-06-03 09:32:48+07:00,55.1,2000,Buy,304931540
502,2025-06-03 09:32:48+07:00,55.1,1600,Buy,304931546
503,2025-06-03 09:32:48+07:00,55.1,1000,Buy,304931542
504,2025-06-03 09:32:48+07:00,55.1,1000,Buy,304931543
505,2025-06-03 09:32:48+07:00,55.1,500,Buy,304931544
506,2025-06-03 09:32:48+07:00,55.1,7100,Buy,304931541
507,2025-06-03 09:33:01+07:00,55.1,200,Sell,304932190
508,2025-06-03 09:33:03+07:00,55.2,100,Buy,304932286
509,2025-06-03 09:33:33+07:00,55.1,200,Sell,304933375
510,2025-06-03 09:33:40+07:00,55.2,100,Buy,304933616
511,2025-06-03 09:33:53+07:00,55.2,300,Buy,304934429
512,2025-06-03 09:33:53+07:00,55.2,1100,Buy,304934431
513,2025-06-03 09:33:53+07:00,55.2,500,Buy,304934432
514,2025-06-03 09:33:53+07:00,55.2,500,Buy,304934433
515,2025-06-03 09:33:53+07:00,55.2,1000,Buy,304934434
516,2025-06-03 09:33:53+07:00,55.2,1000,Buy,304934435
517,2025-06-03 09:33:53+07:00,55.2,400,Buy,304934436
518,2025-06-03 09:33:53+07:00,55.2,200,Buy,304934430
519,2025-06-03 09:34:01+07:00,55.2,100,Buy,304934808
520,2025-06-03 09:34:06+07:00,55.1,200,Sell,304935034
521,2025-06-03 09:34:11+07:00,55.2,200,Buy,304935165
522,2025-06-03 09:34:30+07:00,55.2,100,Buy,304936002
523,2025-06-03 09:34:36+07:00,55.1,200,Sell,304936158
524,2025-06-03 09:34:40+07:00,55.2,1200,Buy,304936297
525,2025-06-03 09:34:42+07:00,55.2,100,Buy,304936387
526,2025-06-03 09:34:44+07:00,55.2,200,Buy,304936448
527,2025-06-03 09:34:44+07:00,55.2,18100,Buy,304936449
528,2025-06-03 09:34:44+07:00,55.2,800,Buy,304936450
529,2025-06-03 09:34:44+07:00,55.2,100,Buy,304936451
530,2025-06-03 09:34:44+07:00,55.2,5000,Buy,304936452
531,2025-06-03 09:34:44+07:00,55.2,100,Buy,304936453
532,2025-06-03 09:34:44+07:00,55.2,100,Buy,304936454
533,2025-06-03 09:34:44+07:00,55.2,500,Buy,304936455
534,2025-06-03 09:34:44+07:00,55.2,2400,Buy,304936457
535,2025-06-03 09:34:44+07:00,55.2,100,Buy,304936447
536,2025-06-03 09:34:44+07:00,55.2,500,Buy,304936458
537,2025-06-03 09:34:44+07:00,55.2,100,Buy,304936459
538,2025-06-03 09:34:44+07:00,55.2,100,Buy,304936460
539,2025-06-03 09:34:44+07:00,55.2,1000,Buy,304936461
540,2025-06-03 09:34:44+07:00,55.2,200,Buy,304936462
541,2025-06-03 09:34:44+07:00,55.2,100,Buy,304936463
542,2025-06-03 09:34:44+07:00,55.2,10000,Buy,304936456
543,2025-06-03 09:34:44+07:00,55.2,1000,Buy,304936446
544,2025-06-03 09:34:44+07:00,55.2,200,Buy,304936432
545,2025-06-03 09:34:44+07:00,55.2,200,Buy,304936444
546,2025-06-03 09:34:44+07:00,55.2,200,Buy,304936426
547,2025-06-03 09:34:44+07:00,55.2,4000,Buy,304936427
548,2025-06-03 09:34:44+07:00,55.2,200,Buy,304936428
549,2025-06-03 09:34:44+07:00,55.2,400,Buy,304936429
550,2025-06-03 09:34:44+07:00,55.2,300,Buy,304936430
551,2025-06-03 09:34:44+07:00,55.2,1000,Buy,304936431
552,2025-06-03 09:34:44+07:00,55.2,1600,Buy,304936433
553,2025-06-03 09:34:44+07:00,55.2,100,Buy,304936434
554,2025-06-03 09:34:44+07:00,55.2,100,Buy,304936445
555,2025-06-03 09:34:44+07:00,55.2,500,Buy,304936436
556,2025-06-03 09:34:44+07:00,55.2,300,Buy,304936443
557,2025-06-03 09:34:44+07:00,55.2,1000,Buy,304936442
558,2025-06-03 09:34:44+07:00,55.2,100,Buy,304936441
559,2025-06-03 09:34:44+07:00,55.2,300,Buy,304936435
560,2025-06-03 09:34:44+07:00,55.2,500,Buy,304936439
561,2025-06-03 09:34:44+07:00,55.2,2000,Buy,304936438
562,2025-06-03 09:34:44+07:00,55.2,200,Buy,304936437
563,2025-06-03 09:34:44+07:00,55.2,100,Buy,304936440
564,2025-06-03 09:34:59+07:00,55.2,1000,Sell,304937156
565,2025-06-03 09:35:03+07:00,55.2,500,Sell,304937321
566,2025-06-03 09:35:07+07:00,55.2,100,Sell,304937478
567,2025-06-03 09:35:09+07:00,55.2,200,Sell,304937516
568,2025-06-03 09:35:18+07:00,55.3,100,Buy,304937786
569,2025-06-03 09:35:26+07:00,55.3,600,Buy,304938086
570,2025-06-03 09:35:30+07:00,55.2,100,Sell,304938178
571,2025-06-03 09:35:40+07:00,55.2,200,Sell,304938477
572,2025-06-03 09:35:45+07:00,55.2,500,Sell,304938662
573,2025-06-03 09:35:56+07:00,55.2,1000,Sell,304939151
574,2025-06-03 09:35:59+07:00,55.2,100,Sell,304939330
575,2025-06-03 09:36:11+07:00,55.2,200,Sell,304939745
576,2025-06-03 09:36:33+07:00,55.2,400,Sell,304940430
577,2025-06-03 09:36:40+07:00,55.2,400,Sell,304940658
578,2025-06-03 09:36:42+07:00,55.2,200,Sell,304940726
579,2025-06-03 09:37:13+07:00,55.2,200,Sell,304942077
580,2025-06-03 09:37:14+07:00,55.2,100,Sell,304942133
581,2025-06-03 09:37:25+07:00,55.2,1100,Sell,304942514
582,2025-06-03 09:37:25+07:00,55.2,100,Sell,304942515
583,2025-06-03 09:37:25+07:00,55.2,1500,Sell,304942516
584,2025-06-03 09:37:25+07:00,55.2,2300,Sell,304942517
585,2025-06-03 09:37:32+07:00,55.2,900,Sell,304942732
586,2025-06-03 09:37:43+07:00,55.2,100,Sell,304943161
587,2025-06-03 09:37:45+07:00,55.2,200,Sell,304943216
588,2025-06-03 09:37:56+07:00,55.2,500,Sell,304943831
589,2025-06-03 09:38:08+07:00,55.2,100,Sell,304944463
590,2025-06-03 09:38:11+07:00,55.2,500,Sell,304944592
591,2025-06-03 09:38:16+07:00,55.2,200,Sell,304944852
592,2025-06-03 09:38:18+07:00,55.2,2000,Sell,304944891
593,2025-06-03 09:38:20+07:00,55.2,3200,Sell,304944953
594,2025-06-03 09:38:20+07:00,55.2,1000,Sell,304944954
595,2025-06-03 09:38:20+07:00,55.2,2000,Sell,304944955
596,2025-06-03 09:38:20+07:00,55.2,5000,Sell,304944956
597,2025-06-03 09:38:20+07:00,55.2,1800,Sell,304944957
598,2025-06-03 09:38:20+07:00,55.3,100,Buy,304944972
599,2025-06-03 09:38:25+07:00,55.2,100,Sell,304945233
600,2025-06-03 09:38:31+07:00,55.2,1000,Sell,304946011
601,2025-06-03 09:38:37+07:00,55.3,300,Buy,304946261
602,2025-06-03 09:38:41+07:00,55.2,100,Sell,304946403
603,2025-06-03 09:38:41+07:00,55.2,300,Sell,304946404
604,2025-06-03 09:38:41+07:00,55.2,300,Sell,304946405
605,2025-06-03 09:38:41+07:00,55.2,900,Buy,304946447
606,2025-06-03 09:38:41+07:00,55.2,200,Sell,304946407
607,2025-06-03 09:38:41+07:00,55.2,500,Sell,304946408
608,2025-06-03 09:38:41+07:00,55.2,5000,Sell,304946409
609,2025-06-03 09:38:41+07:00,55.2,100,Sell,304946402
610,2025-06-03 09:38:41+07:00,55.2,1000,Sell,304946406
611,2025-06-03 09:38:41+07:00,55.2,100,Sell,304946401
612,2025-06-03 09:38:41+07:00,55.2,1000,Sell,304946396
613,2025-06-03 09:38:41+07:00,55.2,1500,Sell,304946399
614,2025-06-03 09:38:41+07:00,55.2,200,Sell,304946398
615,2025-06-03 09:38:41+07:00,55.2,500,Sell,304946397
616,2025-06-03 09:38:41+07:00,55.2,5000,Sell,304946395
617,2025-06-03 09:38:41+07:00,55.2,700,Sell,304946393
618,2025-06-03 09:38:41+07:00,55.2,100,Sell,304946392
619,2025-06-03 09:38:41+07:00,55.2,100,Sell,304946391
620,2025-06-03 09:38:41+07:00,55.2,300,Sell,304946390
621,2025-06-03 09:38:41+07:00,55.2,2100,Sell,304946389
622,2025-06-03 09:38:41+07:00,55.2,100,Sell,304946400
623,2025-06-03 09:38:41+07:00,55.2,100,Sell,304946394
624,2025-06-03 09:38:44+07:00,55.2,100,Buy,304946579
625,2025-06-03 09:38:47+07:00,55.1,200,Sell,304946679
626,2025-06-03 09:38:50+07:00,55.2,100,Buy,304946795
627,2025-06-03 09:38:50+07:00,55.2,300,Buy,304946794
628,2025-06-03 09:38:54+07:00,55.2,100,Buy,304946925
629,2025-06-03 09:39:00+07:00,55.2,300,Buy,304947211
630,2025-06-03 09:39:15+07:00,55.2,2000,Buy,304947960
631,2025-06-03 09:39:15+07:00,55.2,4400,Buy,304947968
632,2025-06-03 09:39:19+07:00,55.1,200,Sell,304948126
633,2025-06-03 09:39:24+07:00,55.2,2000,Buy,304948330
634,2025-06-03 09:39:51+07:00,55.1,200,Sell,304949453
635,2025-06-03 09:39:55+07:00,55.2,300,Buy,304949576
636,2025-06-03 09:40:02+07:00,55.2,500,Buy,304949807
637,2025-06-03 09:40:08+07:00,55.2,500,Buy,304950193
638,2025-06-03 09:40:09+07:00,55.2,10000,Buy,304950232
639,2025-06-03 09:40:20+07:00,55.2,500,Buy,304950709
640,2025-06-03 09:40:23+07:00,55.1,200,Sell,304950814
641,2025-06-03 09:40:35+07:00,55.2,100,Buy,304951377
642,2025-06-03 09:40:37+07:00,55.2,500,Buy,304951462
643,2025-06-03 09:40:47+07:00,55.2,100,Buy,304951901
644,2025-06-03 09:40:48+07:00,55.2,5000,Buy,304951933
645,2025-06-03 09:40:48+07:00,55.2,3000,Buy,304951951
646,2025-06-03 09:40:48+07:00,55.2,1000,Buy,304951952
647,2025-06-03 09:40:48+07:00,55.2,100,Buy,304951953
648,2025-06-03 09:40:49+07:00,55.2,200,Buy,304951975
649,2025-06-03 09:40:52+07:00,55.2,1000,Buy,304952071
650,2025-06-03 09:40:52+07:00,55.2,1000,Buy,304952072
651,2025-06-03 09:40:52+07:00,55.2,1000,Buy,304952073
652,2025-06-03 09:40:52+07:00,55.2,200,Buy,304952074
653,2025-06-03 09:40:52+07:00,55.2,100,Buy,304952075
654,2025-06-03 09:40:52+07:00,55.2,100,Buy,304952076
655,2025-06-03 09:40:52+07:00,55.2,100,Buy,304952077
656,2025-06-03 09:40:52+07:00,55.2,4000,Buy,304952078
657,2025-06-03 09:40:52+07:00,55.2,1700,Buy,304952070
658,2025-06-03 09:40:56+07:00,55.2,200,Sell,304952240
659,2025-06-03 09:40:59+07:00,55.2,100,Sell,304952352
660,2025-06-03 09:41:03+07:00,55.2,1000,Sell,304952497
661,2025-06-03 09:41:20+07:00,55.2,100,Sell,304953349
662,2025-06-03 09:41:27+07:00,55.2,200,Sell,304953701
663,2025-06-03 09:41:41+07:00,55.2,1000,Sell,304954425
664,2025-06-03 09:41:46+07:00,55.2,500,Sell,304954608
665,2025-06-03 09:41:47+07:00,55.2,200,Sell,304954721
666,2025-06-03 09:41:47+07:00,55.2,300,Sell,304954720
667,2025-06-03 09:41:47+07:00,55.2,300,Sell,304954719
668,2025-06-03 09:41:47+07:00,55.2,500,Sell,304954718
669,2025-06-03 09:41:47+07:00,55.2,5000,Sell,304954715
670,2025-06-03 09:41:47+07:00,55.2,200,Sell,304954716
671,2025-06-03 09:41:47+07:00,55.2,1000,Sell,304954714
672,2025-06-03 09:41:47+07:00,55.2,500,Sell,304954713
673,2025-06-03 09:41:47+07:00,55.2,7700,Sell,304954712
674,2025-06-03 09:41:47+07:00,55.2,100,Sell,304954717
675,2025-06-03 09:41:56+07:00,55.2,5000,Buy,304955398
676,2025-06-03 09:41:58+07:00,55.1,200,Sell,304955492
677,2025-06-03 09:42:29+07:00,55.1,200,Sell,304957589
678,2025-06-03 09:42:33+07:00,55.1,100,Sell,304957804
679,2025-06-03 09:42:36+07:00,55.2,200,Buy,304957993
680,2025-06-03 09:42:40+07:00,55.1,700,Sell,304958357
681,2025-06-03 09:42:45+07:00,55.2,500,Buy,304958716
682,2025-06-03 09:42:46+07:00,55.2,100,Buy,304958768
683,2025-06-03 09:42:49+07:00,55.1,3700,Sell,304958908
684,2025-06-03 09:42:49+07:00,55.1,5000,Sell,304958905
685,2025-06-03 09:42:49+07:00,55.1,100,Sell,304958904
686,2025-06-03 09:42:49+07:00,55.1,500,Sell,304958906
687,2025-06-03 09:42:49+07:00,55.1,100,Sell,304958902
688,2025-06-03 09:42:49+07:00,55.1,100,Sell,304958901
689,2025-06-03 09:42:49+07:00,55.1,18100,Sell,304958900
690,2025-06-03 09:42:49+07:00,55.1,5000,Sell,304958903
691,2025-06-03 09:43:01+07:00,55.1,200,Sell,304959556
692,2025-06-03 09:43:15+07:00,55.1,100,Sell,304960304
693,2025-06-03 09:43:25+07:00,55.2,100,Buy,304960904
694,2025-06-03 09:43:33+07:00,55.2,1000,Buy,304961253
695,2025-06-03 09:43:34+07:00,55.1,200,Sell,304961282
696,2025-06-03 09:43:42+07:00,55.2,100,Buy,304961862
697,2025-06-03 09:43:44+07:00,55.2,100,Buy,304961999
698,2025-06-03 09:44:00+07:00,55.1,100,Sell,304963065
699,2025-06-03 09:44:03+07:00,55.2,800,Buy,304963284
700,2025-06-03 09:44:03+07:00,55.2,100,Buy,304963285
701,2025-06-03 09:44:03+07:00,55.2,500,Buy,304963286
702,2025-06-03 09:44:03+07:00,55.2,400,Buy,304963287
703,2025-06-03 09:44:03+07:00,55.2,100,Buy,304963288
704,2025-06-03 09:44:03+07:00,55.2,1000,Buy,304963289
705,2025-06-03 09:44:03+07:00,55.1,100,Sell,304963293
706,2025-06-03 09:44:03+07:00,55.2,27100,Buy,304963283
707,2025-06-03 09:44:05+07:00,55.1,200,Sell,304963418
