,time,price,volume,match_type,id
0,2025-06-03 09:15:00+07:00,56.7,100,Buy,304873263
1,2025-06-03 09:15:00+07:00,56.7,200,Buy,304873324
2,2025-06-03 09:15:00+07:00,56.7,100,Buy,304873323
3,2025-06-03 09:15:00+07:00,56.7,100,Buy,304873322
4,2025-06-03 09:15:00+07:00,56.7,1000,Buy,304873321
5,2025-06-03 09:15:00+07:00,56.7,400,Buy,304873320
6,2025-06-03 09:15:00+07:00,56.7,100,Buy,304873319
7,2025-06-03 09:15:00+07:00,56.7,1000,Buy,304873318
8,2025-06-03 09:15:00+07:00,56.7,900,Buy,304873317
9,2025-06-03 09:15:00+07:00,56.7,300,Buy,304873316
10,2025-06-03 09:15:00+07:00,56.7,100,Buy,304873315
11,2025-06-03 09:15:00+07:00,56.7,100,Buy,304873314
12,2025-06-03 09:15:00+07:00,56.7,2000,Buy,304873313
13,2025-06-03 09:15:00+07:00,56.7,1600,Buy,304873312
14,2025-06-03 09:15:00+07:00,56.7,1800,Buy,304873311
15,2025-06-03 09:15:00+07:00,56.7,1200,Buy,304873310
16,2025-06-03 09:15:00+07:00,56.7,400,Buy,304873325
17,2025-06-03 09:15:00+07:00,56.7,400,Buy,304873309
18,2025-06-03 09:15:00+07:00,56.7,300,Buy,304873326
19,2025-06-03 09:15:00+07:00,56.7,100,Buy,304873328
20,2025-06-03 09:15:00+07:00,56.7,100,Buy,304875099
21,2025-06-03 09:15:00+07:00,56.7,100,Buy,304873342
22,2025-06-03 09:15:00+07:00,56.7,200,Buy,304873341
23,2025-06-03 09:15:00+07:00,56.7,100,Buy,304873340
24,2025-06-03 09:15:00+07:00,56.7,300,Buy,304873339
25,2025-06-03 09:15:00+07:00,56.7,200,Buy,304873338
26,2025-06-03 09:15:00+07:00,56.7,300,Buy,304873337
27,2025-06-03 09:15:00+07:00,56.7,600,Buy,304873336
28,2025-06-03 09:15:00+07:00,56.7,500,Buy,304873335
29,2025-06-03 09:15:00+07:00,56.7,1000,Buy,304873334
30,2025-06-03 09:15:00+07:00,56.7,1000,Buy,304873333
31,2025-06-03 09:15:00+07:00,56.7,100,Buy,304873332
32,2025-06-03 09:15:00+07:00,56.7,1000,Buy,304873331
33,2025-06-03 09:15:00+07:00,56.7,500,Buy,304873330
34,2025-06-03 09:15:00+07:00,56.7,10300,Buy,304873329
35,2025-06-03 09:15:00+07:00,56.7,100,Buy,304873327
36,2025-06-03 09:15:00+07:00,56.7,200,Buy,304873308
37,2025-06-03 09:15:00+07:00,56.7,200,Buy,304873271
38,2025-06-03 09:15:00+07:00,56.7,1000,Buy,304873306
39,2025-06-03 09:15:00+07:00,56.7,100,Buy,304873286
40,2025-06-03 09:15:00+07:00,56.7,400,Buy,304873285
41,2025-06-03 09:15:00+07:00,56.7,900,Buy,304873283
42,2025-06-03 09:15:00+07:00,56.7,500,Buy,304873282
43,2025-06-03 09:15:00+07:00,56.7,300,Buy,304873281
44,2025-06-03 09:15:00+07:00,56.7,3000,Buy,304873280
45,2025-06-03 09:15:00+07:00,56.7,1000,Buy,304873279
46,2025-06-03 09:15:00+07:00,56.7,1000,Buy,304873278
47,2025-06-03 09:15:00+07:00,56.7,800,Buy,304873277
48,2025-06-03 09:15:00+07:00,56.7,200,Buy,304873276
49,2025-06-03 09:15:00+07:00,56.7,200,Buy,304873275
50,2025-06-03 09:15:00+07:00,56.7,100,Buy,304873274
51,2025-06-03 09:15:00+07:00,56.7,300,Buy,304873273
52,2025-06-03 09:15:00+07:00,56.7,100,Buy,304873272
53,2025-06-03 09:15:00+07:00,56.7,1000,Buy,304873307
54,2025-06-03 09:15:00+07:00,56.7,900,Buy,304873287
55,2025-06-03 09:15:00+07:00,56.7,500,Buy,304873288
56,2025-06-03 09:15:00+07:00,56.7,700,Buy,304873284
57,2025-06-03 09:15:00+07:00,56.7,300,Buy,304873290
58,2025-06-03 09:15:00+07:00,56.7,500,Buy,304873305
59,2025-06-03 09:15:00+07:00,56.7,1000,Buy,304873304
60,2025-06-03 09:15:00+07:00,56.7,500,Buy,304873303
61,2025-06-03 09:15:00+07:00,56.7,100,Buy,304873289
62,2025-06-03 09:15:00+07:00,56.7,100,Buy,304873301
63,2025-06-03 09:15:00+07:00,56.7,400,Buy,304873300
64,2025-06-03 09:15:00+07:00,56.7,200,Buy,304873299
65,2025-06-03 09:15:00+07:00,56.7,100,Buy,304873298
66,2025-06-03 09:15:00+07:00,56.7,300,Buy,304873302
67,2025-06-03 09:15:00+07:00,56.7,1000,Buy,304873296
68,2025-06-03 09:15:00+07:00,56.7,100,Buy,304873295
69,2025-06-03 09:15:00+07:00,56.7,100,Buy,304873294
70,2025-06-03 09:15:00+07:00,56.7,400,Buy,304873293
71,2025-06-03 09:15:00+07:00,56.7,1300,Buy,304873291
72,2025-06-03 09:15:00+07:00,56.7,900,Buy,304873292
73,2025-06-03 09:15:00+07:00,56.7,5000,Buy,304873297
74,2025-06-03 09:15:01+07:00,56.7,100,Buy,304875141
75,2025-06-03 09:15:01+07:00,56.7,100,Buy,304875106
76,2025-06-03 09:15:01+07:00,56.7,100,Buy,304875118
77,2025-06-03 09:15:02+07:00,56.7,100,Buy,304875174
78,2025-06-03 09:15:02+07:00,56.5,100,Sell,304875175
79,2025-06-03 09:15:15+07:00,56.6,100,Buy,304875950
80,2025-06-03 09:15:47+07:00,56.7,1000,Buy,304878211
81,2025-06-03 09:15:47+07:00,56.7,200,Buy,304878210
82,2025-06-03 09:15:47+07:00,56.7,100,Buy,304878208
83,2025-06-03 09:15:47+07:00,56.7,100,Buy,304878207
84,2025-06-03 09:15:47+07:00,56.7,300,Buy,304878209
85,2025-06-03 09:15:47+07:00,56.7,200,Buy,304878205
86,2025-06-03 09:15:47+07:00,56.7,200,Buy,304878204
87,2025-06-03 09:15:47+07:00,56.6,100,Buy,304878203
88,2025-06-03 09:15:47+07:00,56.6,100,Buy,304878202
89,2025-06-03 09:15:47+07:00,56.6,200,Buy,304878201
90,2025-06-03 09:15:47+07:00,56.7,1000,Buy,304878206
91,2025-06-03 09:15:50+07:00,56.6,700,Sell,304878470
92,2025-06-03 09:16:15+07:00,56.6,200,Buy,304880457
93,2025-06-03 09:16:18+07:00,56.6,300,Buy,304880628
94,2025-06-03 09:16:18+07:00,56.6,300,Buy,304880629
95,2025-06-03 09:16:22+07:00,56.6,100,Buy,304881007
96,2025-06-03 09:16:22+07:00,56.6,200,Buy,304881008
97,2025-06-03 09:16:22+07:00,56.6,1100,Buy,304881009
98,2025-06-03 09:16:22+07:00,56.6,9600,Buy,304881010
99,2025-06-03 09:16:22+07:00,56.6,100,Buy,304881028
100,2025-06-03 09:16:27+07:00,56.5,200,Sell,304881379
101,2025-06-03 09:16:27+07:00,56.5,800,Sell,304881376
102,2025-06-03 09:16:27+07:00,56.5,800,Sell,304881377
103,2025-06-03 09:16:27+07:00,56.5,200,Sell,304881378
104,2025-06-03 09:16:28+07:00,56.6,200,Buy,304881388
105,2025-06-03 09:16:28+07:00,56.6,9800,Buy,304881389
106,2025-06-03 09:16:32+07:00,56.6,200,Sell,304881717
107,2025-06-03 09:16:43+07:00,56.6,300,Sell,304882411
108,2025-06-03 09:16:43+07:00,56.6,200,Sell,304882413
109,2025-06-03 09:16:47+07:00,56.7,100,Buy,304882615
110,2025-06-03 09:16:47+07:00,56.6,600,Sell,304882677
111,2025-06-03 09:16:53+07:00,56.6,500,Sell,304883016
112,2025-06-03 09:16:59+07:00,56.6,100,Sell,304883575
113,2025-06-03 09:16:59+07:00,56.6,100,Sell,304883574
114,2025-06-03 09:16:59+07:00,56.6,1500,Sell,304883571
115,2025-06-03 09:16:59+07:00,56.6,100,Sell,304883572
116,2025-06-03 09:16:59+07:00,56.6,100,Sell,304883573
117,2025-06-03 09:17:02+07:00,56.6,200,Buy,304883732
118,2025-06-03 09:17:07+07:00,56.6,400,Buy,304884096
119,2025-06-03 09:17:10+07:00,56.6,500,Buy,304884277
120,2025-06-03 09:17:20+07:00,56.6,200,Buy,304884887
121,2025-06-03 09:17:25+07:00,56.6,300,Sell,304885202
122,2025-06-03 09:17:27+07:00,56.6,500,Sell,304885430
123,2025-06-03 09:17:35+07:00,56.6,100,Sell,304886135
124,2025-06-03 09:17:38+07:00,56.6,100,Sell,304886358
125,2025-06-03 09:17:57+07:00,56.6,100,Sell,304887862
126,2025-06-03 09:18:03+07:00,56.6,500,Sell,304888224
127,2025-06-03 09:18:14+07:00,56.6,300,Sell,304889058
128,2025-06-03 09:18:23+07:00,56.7,100,Buy,304889694
129,2025-06-03 09:18:27+07:00,56.6,400,Sell,304889932
130,2025-06-03 09:18:27+07:00,56.6,600,Sell,304889933
131,2025-06-03 09:18:39+07:00,56.7,2200,Buy,304890894
132,2025-06-03 09:18:39+07:00,56.7,400,Buy,304890896
133,2025-06-03 09:18:40+07:00,56.6,200,Sell,304890908
134,2025-06-03 09:18:50+07:00,56.6,1800,Sell,304891594
135,2025-06-03 09:19:13+07:00,56.7,100,Buy,304893019
136,2025-06-03 09:19:14+07:00,56.7,100,Buy,304893152
137,2025-06-03 09:19:25+07:00,56.6,100,Sell,304893804
138,2025-06-03 09:19:25+07:00,56.6,100,Sell,304893806
139,2025-06-03 09:19:25+07:00,56.6,100,Sell,304893803
140,2025-06-03 09:19:25+07:00,56.6,400,Sell,304893802
141,2025-06-03 09:19:30+07:00,56.7,3000,Buy,304894177
142,2025-06-03 09:19:30+07:00,56.7,100,Buy,304894178
143,2025-06-03 09:19:30+07:00,56.7,1000,Buy,304894179
144,2025-06-03 09:19:30+07:00,56.7,100,Buy,304894180
145,2025-06-03 09:19:30+07:00,56.7,200,Buy,304894181
146,2025-06-03 09:19:30+07:00,56.7,100,Buy,304894182
147,2025-06-03 09:19:30+07:00,56.7,1000,Buy,304894183
148,2025-06-03 09:19:30+07:00,56.7,100,Buy,304894184
149,2025-06-03 09:19:30+07:00,56.7,100,Buy,304894185
150,2025-06-03 09:19:30+07:00,56.7,500,Buy,304894186
151,2025-06-03 09:19:30+07:00,56.7,400,Buy,304894187
152,2025-06-03 09:19:30+07:00,56.7,100,Buy,304894188
153,2025-06-03 09:19:30+07:00,56.7,300,Buy,304894189
154,2025-06-03 09:19:52+07:00,56.7,500,Buy,304895651
155,2025-06-03 09:19:52+07:00,56.7,100,Buy,304895644
156,2025-06-03 09:20:06+07:00,56.6,900,Sell,304896499
157,2025-06-03 09:20:06+07:00,56.6,100,Sell,304896500
158,2025-06-03 09:20:13+07:00,56.7,1000,Buy,304896909
159,2025-06-03 09:20:17+07:00,56.7,100,Buy,304897208
160,2025-06-03 09:20:17+07:00,56.7,100,Buy,304897240
161,2025-06-03 09:20:17+07:00,56.7,100,Buy,304897194
162,2025-06-03 09:20:18+07:00,56.7,100,Buy,304897253
163,2025-06-03 09:20:18+07:00,56.7,100,Buy,304897265
164,2025-06-03 09:20:24+07:00,56.6,100,Sell,304897648
165,2025-06-03 09:20:24+07:00,56.6,100,Sell,304897661
166,2025-06-03 09:20:24+07:00,56.6,300,Sell,304897662
167,2025-06-03 09:20:57+07:00,56.7,100,Buy,304899642
168,2025-06-03 09:20:57+07:00,56.7,300,Buy,304899643
169,2025-06-03 09:21:01+07:00,56.6,500,Sell,304899832
170,2025-06-03 09:21:04+07:00,56.7,100,Buy,304900039
171,2025-06-03 09:21:12+07:00,56.7,100,Buy,304900474
172,2025-06-03 09:21:13+07:00,56.7,5000,Buy,304900494
173,2025-06-03 09:21:13+07:00,56.7,900,Buy,304900495
174,2025-06-03 09:21:13+07:00,56.6,100,Sell,304900519
175,2025-06-03 09:21:13+07:00,56.7,400,Buy,304900493
176,2025-06-03 09:21:14+07:00,56.7,300,Buy,304900548
177,2025-06-03 09:21:18+07:00,56.7,800,Buy,304900697
178,2025-06-03 09:21:18+07:00,56.7,200,Buy,304900698
179,2025-06-03 09:21:23+07:00,56.7,300,Buy,304900952
180,2025-06-03 09:21:42+07:00,56.6,900,Sell,304901880
181,2025-06-03 09:21:42+07:00,56.6,200,Sell,304901879
182,2025-06-03 09:21:49+07:00,56.7,100,Buy,304902289
183,2025-06-03 09:21:51+07:00,56.6,100,Sell,304902311
184,2025-06-03 09:21:55+07:00,56.6,100,Sell,304902573
185,2025-06-03 09:22:13+07:00,56.6,1400,Sell,304903496
186,2025-06-03 09:22:13+07:00,56.6,1000,Sell,304903495
187,2025-06-03 09:22:13+07:00,56.6,1000,Sell,304903494
188,2025-06-03 09:22:13+07:00,56.6,100,Sell,304903493
189,2025-06-03 09:22:13+07:00,56.6,100,Sell,304903492
190,2025-06-03 09:22:13+07:00,56.6,5000,Sell,304903488
191,2025-06-03 09:22:13+07:00,56.6,100,Sell,304903490
192,2025-06-03 09:22:13+07:00,56.6,4000,Sell,304903489
193,2025-06-03 09:22:13+07:00,56.6,5500,Sell,304903487
194,2025-06-03 09:22:13+07:00,56.6,1600,Sell,304903486
195,2025-06-03 09:22:13+07:00,56.6,200,Sell,304903491
196,2025-06-03 09:22:15+07:00,56.6,200,Sell,304903646
197,2025-06-03 09:22:15+07:00,56.6,200,Sell,304903650
198,2025-06-03 09:22:15+07:00,56.6,100,Sell,304903649
199,2025-06-03 09:22:15+07:00,56.6,100,Sell,304903648
200,2025-06-03 09:22:15+07:00,56.6,1000,Sell,304903647
201,2025-06-03 09:22:15+07:00,56.6,5000,Sell,304903645
202,2025-06-03 09:22:15+07:00,56.6,600,Buy,304903651
203,2025-06-03 09:22:15+07:00,56.6,1000,Sell,304903643
204,2025-06-03 09:22:15+07:00,56.6,100,Sell,304903642
205,2025-06-03 09:22:15+07:00,56.6,100,Sell,304903641
206,2025-06-03 09:22:15+07:00,56.6,200,Sell,304903640
207,2025-06-03 09:22:15+07:00,56.6,500,Sell,304903639
208,2025-06-03 09:22:15+07:00,56.6,1000,Sell,304903638
209,2025-06-03 09:22:15+07:00,56.6,2600,Sell,304903637
210,2025-06-03 09:22:15+07:00,56.6,200,Sell,304903644
211,2025-06-03 09:22:23+07:00,56.6,1700,Buy,304903990
212,2025-06-03 09:22:23+07:00,56.6,1000,Buy,304903995
213,2025-06-03 09:22:30+07:00,56.6,100,Buy,304904349
214,2025-06-03 09:22:35+07:00,56.6,1000,Buy,304904659
215,2025-06-03 09:22:41+07:00,56.6,100,Buy,304904954
216,2025-06-03 09:22:50+07:00,56.6,100,Buy,304905475
217,2025-06-03 09:23:01+07:00,56.5,200,Sell,304906097
218,2025-06-03 09:23:05+07:00,56.5,200,Sell,304906214
219,2025-06-03 09:23:28+07:00,56.5,100,Sell,304907249
220,2025-06-03 09:23:28+07:00,56.5,1000,Sell,304907251
221,2025-06-03 09:23:28+07:00,56.5,100,Sell,304907250
222,2025-06-03 09:23:28+07:00,56.5,200,Sell,304907248
223,2025-06-03 09:23:28+07:00,56.5,500,Sell,304907247
224,2025-06-03 09:23:28+07:00,56.5,2000,Sell,304907246
225,2025-06-03 09:23:28+07:00,56.5,100,Sell,304907245
226,2025-06-03 09:23:28+07:00,56.5,300,Sell,304907244
227,2025-06-03 09:23:28+07:00,56.5,100,Sell,304907243
228,2025-06-03 09:23:28+07:00,56.5,600,Sell,304907242
229,2025-06-03 09:23:31+07:00,56.5,3700,Sell,304907405
230,2025-06-03 09:23:34+07:00,56.5,300,Sell,304907537
231,2025-06-03 09:23:34+07:00,56.5,100,Sell,304907538
232,2025-06-03 09:23:34+07:00,56.5,200,Sell,304907539
233,2025-06-03 09:23:34+07:00,56.5,1400,Sell,304907540
234,2025-06-03 09:24:17+07:00,56.5,100,Sell,304909712
235,2025-06-03 09:24:55+07:00,56.5,300,Sell,304911394
236,2025-06-03 09:25:05+07:00,56.5,200,Sell,304911812
237,2025-06-03 09:25:09+07:00,56.5,100,Sell,304911989
238,2025-06-03 09:25:09+07:00,56.5,100,Sell,304911988
239,2025-06-03 09:25:09+07:00,56.5,500,Sell,304911987
240,2025-06-03 09:25:09+07:00,56.5,400,Sell,304911986
241,2025-06-03 09:25:09+07:00,56.5,100,Sell,304911985
242,2025-06-03 09:25:09+07:00,56.5,1000,Sell,304911983
243,2025-06-03 09:25:09+07:00,56.5,200,Sell,304911984
244,2025-06-03 09:25:09+07:00,56.5,2000,Sell,304911982
245,2025-06-03 09:25:09+07:00,56.5,200,Sell,304911977
246,2025-06-03 09:25:09+07:00,56.5,100,Sell,304911980
247,2025-06-03 09:25:09+07:00,56.5,300,Sell,304911979
248,2025-06-03 09:25:09+07:00,56.5,200,Sell,304911978
249,2025-06-03 09:25:09+07:00,56.5,800,Sell,304911976
250,2025-06-03 09:25:09+07:00,56.5,1000,Sell,304911975
251,2025-06-03 09:25:09+07:00,56.5,100,Sell,304911974
252,2025-06-03 09:25:09+07:00,56.5,900,Sell,304911973
253,2025-06-03 09:25:09+07:00,56.5,100,Sell,304911963
254,2025-06-03 09:25:09+07:00,56.5,2000,Sell,304911981
255,2025-06-03 09:25:11+07:00,56.5,100,Sell,304912046
256,2025-06-03 09:25:11+07:00,56.5,100,Sell,304912072
257,2025-06-03 09:25:15+07:00,56.6,300,Buy,304912284
258,2025-06-03 09:25:25+07:00,56.5,100,Sell,304912650
259,2025-06-03 09:25:25+07:00,56.5,200,Sell,304912649
260,2025-06-03 09:25:25+07:00,56.5,500,Sell,304912648
261,2025-06-03 09:25:25+07:00,56.5,100,Sell,304912647
262,2025-06-03 09:25:25+07:00,56.5,100,Sell,304912646
263,2025-06-03 09:25:25+07:00,56.5,200,Sell,304912644
264,2025-06-03 09:25:25+07:00,56.5,100,Sell,304912643
265,2025-06-03 09:25:25+07:00,56.5,200,Sell,304912642
266,2025-06-03 09:25:25+07:00,56.5,300,Sell,304912641
267,2025-06-03 09:25:25+07:00,56.5,200,Sell,304912645
268,2025-06-03 09:25:35+07:00,56.6,100,Buy,304913063
269,2025-06-03 09:25:35+07:00,56.6,100,Buy,304913066
270,2025-06-03 09:25:35+07:00,56.6,100,Buy,304913045
271,2025-06-03 09:25:35+07:00,56.6,100,Buy,304913042
272,2025-06-03 09:25:35+07:00,56.6,100,Buy,304913053
273,2025-06-03 09:25:39+07:00,56.5,400,Sell,304913213
274,2025-06-03 09:25:39+07:00,56.5,400,Sell,304913214
275,2025-06-03 09:25:39+07:00,56.5,100,Sell,304913215
276,2025-06-03 09:25:39+07:00,56.5,200,Sell,304913216
277,2025-06-03 09:25:39+07:00,56.5,100,Sell,304913217
278,2025-06-03 09:25:39+07:00,56.5,800,Sell,304913218
279,2025-06-03 09:25:48+07:00,56.5,100,Sell,304913596
280,2025-06-03 09:25:51+07:00,56.5,100,Sell,304913782
281,2025-06-03 09:25:51+07:00,56.5,200,Sell,304913784
282,2025-06-03 09:25:51+07:00,56.5,100,Sell,304913783
283,2025-06-03 09:26:24+07:00,56.5,100,Buy,304915291
284,2025-06-03 09:26:24+07:00,56.5,100,Buy,304915272
285,2025-06-03 09:26:29+07:00,56.5,200,Buy,304915470
286,2025-06-03 09:26:31+07:00,56.5,300,Buy,304915570
287,2025-06-03 09:26:39+07:00,56.5,400,Buy,304915841
288,2025-06-03 09:26:43+07:00,56.5,100,Buy,304916113
289,2025-06-03 09:26:48+07:00,56.5,100,Buy,304916331
290,2025-06-03 09:26:49+07:00,56.5,100,Buy,304916413
291,2025-06-03 09:26:54+07:00,56.5,100,Buy,304916587
292,2025-06-03 09:27:06+07:00,56.4,400,Sell,304917206
293,2025-06-03 09:27:06+07:00,56.4,300,Sell,304917207
294,2025-06-03 09:27:06+07:00,56.4,300,Sell,304917208
295,2025-06-03 09:27:11+07:00,56.5,100,Buy,304917438
296,2025-06-03 09:27:11+07:00,56.5,200,Buy,304917439
297,2025-06-03 09:27:12+07:00,56.5,200,Buy,304917467
298,2025-06-03 09:27:26+07:00,56.4,200,Sell,304918089
299,2025-06-03 09:27:55+07:00,56.5,400,Buy,304919099
300,2025-06-03 09:28:04+07:00,56.5,200,Buy,304919400
301,2025-06-03 09:28:19+07:00,56.5,100,Buy,304920201
302,2025-06-03 09:28:20+07:00,56.5,100,Buy,304920233
303,2025-06-03 09:28:26+07:00,56.4,100,Sell,304920584
304,2025-06-03 09:28:32+07:00,56.4,200,Sell,304920870
305,2025-06-03 09:28:32+07:00,56.4,3200,Sell,304920871
306,2025-06-03 09:29:01+07:00,56.4,300,Sell,304921930
307,2025-06-03 09:29:06+07:00,56.4,900,Sell,304922142
308,2025-06-03 09:29:06+07:00,56.4,300,Sell,304922137
309,2025-06-03 09:29:06+07:00,56.4,100,Sell,304922139
310,2025-06-03 09:29:06+07:00,56.4,100,Sell,304922138
311,2025-06-03 09:29:06+07:00,56.4,100,Sell,304922136
312,2025-06-03 09:29:06+07:00,56.4,500,Sell,304922141
313,2025-06-03 09:29:06+07:00,56.4,5000,Sell,304922134
314,2025-06-03 09:29:06+07:00,56.4,500,Sell,304922135
315,2025-06-03 09:29:06+07:00,56.4,1500,Sell,304922129
316,2025-06-03 09:29:06+07:00,56.4,100,Sell,304922130
317,2025-06-03 09:29:06+07:00,56.4,100,Sell,304922140
318,2025-06-03 09:29:06+07:00,56.4,500,Sell,304922132
319,2025-06-03 09:29:06+07:00,56.4,300,Sell,304922133
320,2025-06-03 09:29:22+07:00,56.4,400,Sell,304922861
321,2025-06-03 09:29:22+07:00,56.4,100,Sell,304922860
322,2025-06-03 09:29:22+07:00,56.4,100,Sell,304922859
323,2025-06-03 09:29:22+07:00,56.4,100,Sell,304922858
324,2025-06-03 09:29:22+07:00,56.4,200,Sell,304922857
325,2025-06-03 09:29:22+07:00,56.4,6900,Sell,304922862
326,2025-06-03 09:29:22+07:00,56.4,500,Sell,304922855
327,2025-06-03 09:29:22+07:00,56.4,200,Sell,304922854
328,2025-06-03 09:29:22+07:00,56.4,200,Sell,304922853
329,2025-06-03 09:29:22+07:00,56.4,500,Sell,304922852
330,2025-06-03 09:29:22+07:00,56.4,200,Sell,304922851
331,2025-06-03 09:29:22+07:00,56.4,500,Sell,304922849
332,2025-06-03 09:29:22+07:00,56.4,100,Sell,304922856
333,2025-06-03 09:29:53+07:00,56.4,3000,Sell,304924114
334,2025-06-03 09:30:00+07:00,56.5,300,Buy,304924572
335,2025-06-03 09:30:05+07:00,56.5,100,Buy,304924812
336,2025-06-03 09:30:36+07:00,56.5,800,Buy,304926142
337,2025-06-03 09:30:37+07:00,56.5,400,Buy,304926143
338,2025-06-03 09:30:41+07:00,56.5,200,Buy,304926303
339,2025-06-03 09:30:41+07:00,56.5,200,Buy,304926305
340,2025-06-03 09:30:41+07:00,56.5,100,Buy,304926304
341,2025-06-03 09:30:53+07:00,56.5,100,Buy,304926730
342,2025-06-03 09:30:53+07:00,56.5,100,Buy,304926732
343,2025-06-03 09:30:53+07:00,56.5,100,Buy,304926740
344,2025-06-03 09:30:53+07:00,56.5,100,Buy,304926749
345,2025-06-03 09:30:53+07:00,56.5,100,Buy,304926753
346,2025-06-03 09:30:55+07:00,56.5,2300,Buy,304926823
347,2025-06-03 09:30:55+07:00,56.5,900,Buy,304926824
348,2025-06-03 09:30:55+07:00,56.5,2400,Buy,304926825
349,2025-06-03 09:31:00+07:00,56.5,1000,Buy,304927008
350,2025-06-03 09:31:02+07:00,56.5,200,Buy,304927058
351,2025-06-03 09:31:13+07:00,56.4,100,Sell,304927601
352,2025-06-03 09:31:15+07:00,56.5,100,Buy,304927680
353,2025-06-03 09:31:22+07:00,56.4,6800,Sell,304928047
354,2025-06-03 09:31:22+07:00,56.4,200,Sell,304928046
355,2025-06-03 09:31:22+07:00,56.4,100,Sell,304928045
356,2025-06-03 09:31:22+07:00,56.4,100,Sell,304928044
357,2025-06-03 09:31:22+07:00,56.4,100,Sell,304928043
358,2025-06-03 09:31:22+07:00,56.4,500,Sell,304928031
359,2025-06-03 09:31:22+07:00,56.4,100,Sell,304928039
360,2025-06-03 09:31:22+07:00,56.4,1000,Sell,304928035
361,2025-06-03 09:31:22+07:00,56.4,100,Sell,304928034
362,2025-06-03 09:31:22+07:00,56.4,200,Sell,304928032
363,2025-06-03 09:31:22+07:00,56.4,800,Sell,304928042
364,2025-06-03 09:31:30+07:00,56.5,300,Buy,304928310
365,2025-06-03 09:31:30+07:00,56.5,400,Buy,304928350
366,2025-06-03 09:31:36+07:00,56.5,600,Buy,304928568
367,2025-06-03 09:31:36+07:00,56.5,300,Buy,304928569
368,2025-06-03 09:31:36+07:00,56.5,100,Buy,304928570
369,2025-06-03 09:31:56+07:00,56.5,400,Buy,304929566
370,2025-06-03 09:32:10+07:00,56.5,2500,Buy,304930067
371,2025-06-03 09:32:23+07:00,56.5,200,Buy,304930627
372,2025-06-03 09:32:24+07:00,56.5,100,Buy,304930683
373,2025-06-03 09:32:34+07:00,56.5,100,Buy,304931009
374,2025-06-03 09:32:53+07:00,56.5,100,Buy,304931843
375,2025-06-03 09:33:01+07:00,56.5,100,Buy,304932191
376,2025-06-03 09:33:02+07:00,56.5,600,Buy,304932221
377,2025-06-03 09:33:13+07:00,56.5,5200,Buy,304932664
378,2025-06-03 09:33:13+07:00,56.5,100,Buy,304932658
379,2025-06-03 09:33:13+07:00,56.5,100,Buy,304932662
380,2025-06-03 09:33:13+07:00,56.5,100,Buy,304932661
381,2025-06-03 09:33:13+07:00,56.5,500,Buy,304932659
382,2025-06-03 09:33:13+07:00,56.5,3000,Buy,304932657
383,2025-06-03 09:33:13+07:00,56.5,500,Buy,304932663
384,2025-06-03 09:33:13+07:00,56.5,100,Buy,304932655
385,2025-06-03 09:33:13+07:00,56.5,1300,Buy,304932656
386,2025-06-03 09:33:13+07:00,56.5,900,Buy,304932650
387,2025-06-03 09:33:13+07:00,56.5,1000,Buy,304932651
388,2025-06-03 09:33:13+07:00,56.5,300,Buy,304932660
389,2025-06-03 09:33:13+07:00,56.5,500,Buy,304932653
390,2025-06-03 09:33:13+07:00,56.5,1000,Buy,304932652
391,2025-06-03 09:33:13+07:00,56.5,800,Buy,304932654
392,2025-06-03 09:33:17+07:00,56.5,200,Buy,304932783
393,2025-06-03 09:33:34+07:00,56.5,100,Buy,304933405
394,2025-06-03 09:33:48+07:00,56.5,300,Buy,304934017
395,2025-06-03 09:33:55+07:00,56.5,100,Buy,304934568
396,2025-06-03 09:33:57+07:00,56.5,500,Buy,304934670
397,2025-06-03 09:34:29+07:00,56.5,5000,Buy,304935943
398,2025-06-03 09:34:37+07:00,56.5,300,Buy,304936204
399,2025-06-03 09:34:42+07:00,56.5,1000,Buy,304936386
400,2025-06-03 09:34:45+07:00,56.5,1000,Buy,304936487
401,2025-06-03 09:34:45+07:00,56.5,600,Buy,304936516
402,2025-06-03 09:34:56+07:00,56.5,100,Buy,304937033
403,2025-06-03 09:35:06+07:00,56.5,1100,Buy,304937419
404,2025-06-03 09:35:13+07:00,56.5,100,Buy,304937659
405,2025-06-03 09:35:17+07:00,56.5,100,Buy,304937758
406,2025-06-03 09:35:18+07:00,56.5,500,Buy,304937774
407,2025-06-03 09:35:29+07:00,56.5,2000,Buy,304938140
408,2025-06-03 09:35:36+07:00,56.5,100,Buy,304938377
409,2025-06-03 09:35:44+07:00,56.5,600,Buy,304938634
410,2025-06-03 09:35:45+07:00,56.4,100,Sell,304938650
411,2025-06-03 09:36:02+07:00,56.5,400,Buy,304939437
412,2025-06-03 09:36:08+07:00,56.4,500,Sell,304939679
413,2025-06-03 09:36:11+07:00,56.5,100,Buy,304939763
414,2025-06-03 09:36:12+07:00,56.5,100,Buy,304939771
415,2025-06-03 09:36:12+07:00,56.5,100,Buy,304939773
416,2025-06-03 09:36:12+07:00,56.5,100,Buy,304939778
417,2025-06-03 09:36:12+07:00,56.5,100,Buy,304939769
418,2025-06-03 09:36:13+07:00,56.5,200,Buy,304939819
419,2025-06-03 09:36:13+07:00,56.5,300,Buy,304939820
420,2025-06-03 09:36:37+07:00,56.5,100,Buy,304940541
421,2025-06-03 09:36:38+07:00,56.4,100,Sell,304940562
422,2025-06-03 09:36:41+07:00,56.5,1200,Buy,304940661
423,2025-06-03 09:36:48+07:00,56.4,400,Sell,304941018
424,2025-06-03 09:36:48+07:00,56.4,300,Sell,304941019
425,2025-06-03 09:37:00+07:00,56.5,900,Buy,304941656
426,2025-06-03 09:37:00+07:00,56.5,200,Buy,304941654
427,2025-06-03 09:37:00+07:00,56.5,2000,Buy,304941651
428,2025-06-03 09:37:00+07:00,56.5,100,Buy,304941652
429,2025-06-03 09:37:00+07:00,56.5,1000,Buy,304941653
430,2025-06-03 09:37:07+07:00,56.4,100,Sell,304941915
431,2025-06-03 09:37:08+07:00,56.5,200,Buy,304941918
432,2025-06-03 09:37:14+07:00,56.5,1000,Buy,304942121
433,2025-06-03 09:37:15+07:00,56.5,100,Buy,304942147
434,2025-06-03 09:37:32+07:00,56.5,1800,Buy,304942723
435,2025-06-03 09:37:32+07:00,56.5,100,Buy,304942724
436,2025-06-03 09:37:32+07:00,56.5,500,Buy,304942725
437,2025-06-03 09:37:32+07:00,56.5,200,Buy,304942726
438,2025-06-03 09:37:32+07:00,56.5,2400,Buy,304942727
439,2025-06-03 09:37:34+07:00,56.4,500,Sell,304942788
440,2025-06-03 09:37:34+07:00,56.4,200,Sell,304942787
441,2025-06-03 09:37:34+07:00,56.4,1000,Sell,304942784
442,2025-06-03 09:37:34+07:00,56.4,500,Sell,304942786
443,2025-06-03 09:37:34+07:00,56.4,100,Sell,304942785
444,2025-06-03 09:38:05+07:00,56.5,1000,Buy,304944237
445,2025-06-03 09:38:09+07:00,56.5,100,Buy,304944537
446,2025-06-03 09:38:09+07:00,56.5,500,Buy,304944538
447,2025-06-03 09:38:09+07:00,56.5,200,Buy,304944539
448,2025-06-03 09:38:09+07:00,56.5,100,Buy,304944540
449,2025-06-03 09:38:09+07:00,56.5,100,Buy,304944541
450,2025-06-03 09:38:25+07:00,56.5,100,Buy,304945178
451,2025-06-03 09:38:41+07:00,56.5,300,Buy,304946382
452,2025-06-03 09:38:46+07:00,56.5,500,Buy,304946663
453,2025-06-03 09:38:49+07:00,56.5,300,Buy,304946784
454,2025-06-03 09:38:57+07:00,56.4,100,Sell,304947084
455,2025-06-03 09:38:57+07:00,56.4,400,Sell,304947085
456,2025-06-03 09:38:57+07:00,56.4,400,Sell,304947083
457,2025-06-03 09:38:57+07:00,56.4,500,Sell,304947081
458,2025-06-03 09:38:57+07:00,56.5,200,Buy,304947025
459,2025-06-03 09:38:57+07:00,56.4,100,Sell,304947082
460,2025-06-03 09:38:57+07:00,56.4,500,Sell,304947080
461,2025-06-03 09:39:01+07:00,56.5,100,Buy,304947287
462,2025-06-03 09:39:05+07:00,56.5,100,Buy,304947482
463,2025-06-03 09:39:06+07:00,56.5,100,Buy,304947518
464,2025-06-03 09:39:07+07:00,56.5,300,Buy,304947549
465,2025-06-03 09:39:07+07:00,56.5,200,Buy,304947550
466,2025-06-03 09:39:16+07:00,56.5,400,Buy,304947978
467,2025-06-03 09:39:19+07:00,56.5,100,Buy,304948120
468,2025-06-03 09:39:26+07:00,56.5,1000,Buy,304948389
469,2025-06-03 09:39:29+07:00,56.5,100,Buy,304948538
470,2025-06-03 09:39:38+07:00,56.5,100,Buy,304948811
471,2025-06-03 09:39:44+07:00,56.5,1000,Buy,304949058
472,2025-06-03 09:39:44+07:00,56.5,200,Buy,304949060
473,2025-06-03 09:39:44+07:00,56.5,1000,Buy,304949056
474,2025-06-03 09:39:44+07:00,56.5,1000,Buy,304949057
475,2025-06-03 09:39:44+07:00,56.5,200,Buy,304949059
476,2025-06-03 09:39:44+07:00,56.5,100,Buy,304949054
477,2025-06-03 09:39:45+07:00,56.5,200,Buy,304949207
478,2025-06-03 09:39:45+07:00,56.5,100,Buy,304949208
479,2025-06-03 09:39:50+07:00,56.5,200,Buy,304949369
480,2025-06-03 09:39:51+07:00,56.5,100,Sell,304949435
481,2025-06-03 09:40:57+07:00,56.5,100,Sell,304952250
482,2025-06-03 09:40:57+07:00,56.5,400,Sell,304952251
483,2025-06-03 09:40:57+07:00,56.5,100,Sell,304952253
484,2025-06-03 09:40:57+07:00,56.5,600,Sell,304952252
485,2025-06-03 09:41:17+07:00,56.6,300,Buy,304953223
486,2025-06-03 09:41:27+07:00,56.6,200,Buy,304953697
487,2025-06-03 09:41:28+07:00,56.6,100,Buy,304953760
488,2025-06-03 09:41:31+07:00,56.6,100,Buy,304953877
489,2025-06-03 09:41:31+07:00,56.6,100,Buy,304953851
490,2025-06-03 09:41:31+07:00,56.6,100,Buy,304953864
491,2025-06-03 09:41:31+07:00,56.6,100,Buy,304953866
492,2025-06-03 09:41:32+07:00,56.6,100,Buy,304953879
493,2025-06-03 09:41:53+07:00,56.6,100,Buy,304955026
494,2025-06-03 09:42:02+07:00,56.6,100,Buy,304955721
495,2025-06-03 09:42:05+07:00,56.5,100,Sell,304956107
496,2025-06-03 09:42:13+07:00,56.6,1000,Buy,304956600
497,2025-06-03 09:42:13+07:00,56.6,300,Buy,304956601
498,2025-06-03 09:42:13+07:00,56.6,100,Buy,304956602
499,2025-06-03 09:42:13+07:00,56.6,1000,Buy,304956603
500,2025-06-03 09:42:13+07:00,56.6,300,Buy,304956604
501,2025-06-03 09:42:13+07:00,56.6,500,Buy,304956605
502,2025-06-03 09:42:13+07:00,56.6,1800,Buy,304956606
503,2025-06-03 09:42:17+07:00,56.6,100,Buy,304956880
504,2025-06-03 09:42:18+07:00,56.5,200,Sell,304956930
505,2025-06-03 09:42:18+07:00,56.5,100,Sell,304956931
506,2025-06-03 09:42:18+07:00,56.5,700,Sell,304956932
507,2025-06-03 09:42:35+07:00,56.6,3000,Buy,304957980
508,2025-06-03 09:42:47+07:00,56.6,10000,Buy,304958806
509,2025-06-03 09:42:47+07:00,56.6,100,Buy,304958815
510,2025-06-03 09:42:55+07:00,56.6,100,Buy,304959286
511,2025-06-03 09:43:03+07:00,56.6,100,Buy,304959699
512,2025-06-03 09:43:04+07:00,56.6,800,Buy,304959746
513,2025-06-03 09:43:09+07:00,56.5,1000,Sell,304960035
514,2025-06-03 09:43:16+07:00,56.5,300,Sell,304960369
515,2025-06-03 09:43:16+07:00,56.5,100,Sell,304960370
516,2025-06-03 09:43:16+07:00,56.5,200,Sell,304960371
517,2025-06-03 09:43:16+07:00,56.5,100,Sell,304960373
518,2025-06-03 09:43:16+07:00,56.5,300,Sell,304960374
519,2025-06-03 09:43:24+07:00,56.6,100,Buy,304960852
520,2025-06-03 09:43:24+07:00,56.6,200,Buy,304960853
521,2025-06-03 09:43:24+07:00,56.6,200,Buy,304960851
522,2025-06-03 09:43:24+07:00,56.6,6800,Buy,304960854
523,2025-06-03 09:43:24+07:00,56.6,300,Buy,304960849
524,2025-06-03 09:43:24+07:00,56.6,10000,Buy,304960846
525,2025-06-03 09:43:24+07:00,56.6,1300,Buy,304960850
526,2025-06-03 09:43:24+07:00,56.6,100,Buy,304960848
527,2025-06-03 09:43:24+07:00,56.6,1000,Buy,304960847
528,2025-06-03 09:43:25+07:00,56.5,500,Sell,304960880
529,2025-06-03 09:43:32+07:00,56.6,5000,Buy,304961204
530,2025-06-03 09:43:33+07:00,56.6,100,Buy,304961271
531,2025-06-03 09:43:43+07:00,56.6,500,Buy,304961956
532,2025-06-03 09:43:44+07:00,56.6,300,Buy,304961990
533,2025-06-03 09:43:46+07:00,56.6,400,Buy,304962237
534,2025-06-03 09:43:54+07:00,56.6,1000,Buy,304962797
535,2025-06-03 09:43:54+07:00,56.6,100,Buy,304962830
536,2025-06-03 09:43:58+07:00,56.6,100,Buy,304963015
537,2025-06-03 09:43:58+07:00,56.6,1200,Buy,304963020
538,2025-06-03 09:43:58+07:00,56.6,100,Buy,304963019
539,2025-06-03 09:43:58+07:00,56.6,100,Buy,304963018
540,2025-06-03 09:43:58+07:00,56.6,100,Buy,304963017
541,2025-06-03 09:43:58+07:00,56.6,200,Buy,304963016
542,2025-06-03 09:43:58+07:00,56.6,100,Buy,304963014
543,2025-06-03 09:43:58+07:00,56.6,10000,Buy,304963012
544,2025-06-03 09:43:58+07:00,56.6,100,Buy,304963011
545,2025-06-03 09:43:58+07:00,56.6,100,Buy,304963010
546,2025-06-03 09:43:58+07:00,56.6,100,Buy,304963009
547,2025-06-03 09:43:58+07:00,56.6,7700,Buy,304963008
548,2025-06-03 09:43:58+07:00,56.6,100,Buy,304963013
549,2025-06-03 09:44:01+07:00,56.6,800,Buy,304963102
550,2025-06-03 09:44:01+07:00,56.6,200,Buy,304963103
551,2025-06-03 09:44:01+07:00,56.6,4000,Buy,304963104
552,2025-06-03 09:44:02+07:00,56.6,1800,Buy,304963208
553,2025-06-03 09:44:02+07:00,56.6,200,Buy,304963207
554,2025-06-03 09:44:02+07:00,56.6,500,Buy,304963195
555,2025-06-03 09:44:02+07:00,56.6,500,Buy,304963174
556,2025-06-03 09:44:02+07:00,56.6,400,Buy,304963193
557,2025-06-03 09:44:02+07:00,56.6,100,Buy,304963192
558,2025-06-03 09:44:02+07:00,56.6,800,Buy,304963191
559,2025-06-03 09:44:02+07:00,56.6,200,Buy,304963194
560,2025-06-03 09:44:06+07:00,56.6,1000,Buy,304963469
